@book{Weinberg_1995, place={Cambridge}, title={The Quantum Theory of Fields}, publisher={Cambridge University Press}, author={Weinberg, Steven}, year={1995}}

@book{Peskin:1995ev,
    author = "Peskin, Michael E. and Schroeder, Daniel V.",
    title = "{An Introduction to quantum field theory}",
    doi = "10.1201/9780429503559",
    isbn = "978-0-201-50397-5, 978-0-429-50355-9, 978-0-429-49417-8",
    publisher = "Addison-Wesley",
    address = "Reading, USA",
    year = "1995"
}
